
@unpublished{anaphora,
  author = "Jean-Philippe Bernardy and Stergios Chatzikyriakidis and Aleksandre Maskharashvili",
  title = "A Computational Treatment of Anaphora and its Algorithmic Implementation",
  howpublished= "{Manuscript available online \href{https://bit.ly/2xQ4G2M}}",
}

@InProceedings{Chen,
  author = 	"Chen, Qian
		and Zhu, Xiaodan
		and Ling, Zhen-Hua
		and Wei, Si
		and Jiang, Hui
		and Inkpen, Diana",
  title = 	"Enhanced LSTM for Natural Language Inference",
  booktitle = 	"Proceedings of the 55th Annual Meeting of the Association for      Computational Linguistics (Volume 1: Long Papers)    ",
  year = 	"2017",
  publisher = 	"Association for Computational Linguistics",
  pages = 	"1657--1668",
}


@article{Kennedy:2007,
  title={Vagueness and grammar: The semantics of relative and absolute gradable adjectives},
  author={Kennedy, Christopher},
  journal={Linguistics and philosophy},
  volume={30},
  number={1},
  pages={1--45},
  year={2007},
  publisher={Springer}
}

@article{bernardy_jolli,
  title={A Computational Treatment of Anaphora and its Algorithmic Implementation},
  author={Bernardy, Jean-Philippe and Chatzikyriakidis, Stergios},
  journal={Ms, University of Gothenburg},
  volume={},
  number={},
  pages={},
  year={2019},
  publisher={}
}



@incollection{Cresswell:1976,
  title={The semantics of degree},
  author={Cresswell, Max J},
  booktitle={Montague grammar},
  pages={261--292},
  year={1976},
  publisher={Elsevier}
}
@inproceedings{marelli:2014,
  title={Semeval-2014 task 1: Evaluation of compositional distributional semantic models on full sentences through semantic relatedness and textual entailment},
  author={Marelli, Marco and Bentivogli, Luisa and Baroni, Marco and Bernardi, Raffaella and Menini, Stefano and Zamparelli, Roberto},
  booktitle={Proceedings of the 8th international workshop on semantic evaluation (SemEval 2014)},
  pages={1--8},
  year={2014}
}

@article{liu:2019,
	title={Multi-Task Deep Neural Networks for Natural Language Understanding},
	author={Liu, Xiaodong and He, Pengcheng and Chen, Weizhu and Gao, Jianfeng},
	journal={arXiv preprint arXiv:1901.11504},
	year={2019}
}

@article{radford:2018,
	title={Improving language understanding by generative pre-training},
	author={Radford, Alec and Narasimhan, Karthik and Salimans, Tim and Sutskever, Ilya},
	journal={URL https://s3-us-west-2. amazonaws. com/openai-assets/research-covers/languageunsupervised/language understanding paper. pdf},
	year={2018}
}

@article{kim:2018,
  title={Semantic Sentence Matching with Densely-connected Recurrent and Co-attentive Information},
  author={Kim, Seonhoon and Hong, Jin-Hyuk and Kang, Inho and Kwak, Nojun},
  journal={arXiv preprint arXiv:1805.11360},
  year={2018}
}


@article{miller:1995,
  title={WordNet: a lexical database for English},
  author={Miller, George A},
  journal={Communications of the ACM},
  volume={38},
  number={11},
  pages={39--41},
  year={1995},
  publisher={ACM}
},

@inproceedings{huang:2017,
  title={Densely connected convolutional networks},
  author={Huang, Gao and Liu, Zhuang},
  year = 	"2017" 
},

@article{bernardycha:2018,
  title={A corpus of precise natural textual entailment problems},
  author={Bernardy, Jean-Philippe and Chatzikyriakidis, Stergios},
  journal={https://arxiv.org/abs/1812.05813},
  year={2018}
},


@article{lake2017still,
  title={Still not systematic after all these years: On the compositional skills of sequence-to-sequence recurrent networks},
  author={Lake, Brenden M and Baroni, Marco},
  journal={arXiv preprint arXiv:1711.00350},
  year={2017}
},

@inproceedings{bernardy:2019,
  title={What Kind of Natural Language Inference are NLP Systems Learning: Is this Enough?},
  author={Bernardy, Jean-Philippe and Chatzikyriakidis, Stergios},
  booktitle={Proceedings of ICAART},
  year={2019}

}

@article{bernardy_can_2018,
	author = {Jean-Philippe Bernardy},
	title = {Can RNNs Learn Nested Recursion?},
	journal = {Linguistic Issues in Language Technology},
        volume={16},
        issue={1},
	year = {2018}
},

@misc{bernardy_influence_2018,
  author={Jean-Philippe Bernardy and Shalom Lappin},
  title={The Influence of Context on Sentence Acceptability Judgements},
  booktitle={Proceedings of the ACL},
  year={2018}
},

@article{linzen_assessing_2016,
	author = {Tal Linzen and Emmanuel Dupoux and Yoav Golberg},
	title   = {Assessing the Ability of {LSTM}s to Learn Syntax-Sensitive Dependencies},
	journal = {Transactions of the Association of Computational Linguistics},
	volume = "4",
	year = "2016",
	pages = "521--535"
},


@article{bowman:2015,
  title={A large annotated corpus for learning natural language inference},
  author={Bowman, Samuel R and Angeli, Gabor and Potts, Christopher and Manning, Christopher D},
  journal={arXiv preprint arXiv:1508.05326},
  year={2015}
}

@article{bowman:2016,
  title={A fast unified model for parsing and sentence understanding},
  author={Bowman, Samuel R and Gauthier, Jon and Rastogi, Abhinav and Gupta, Raghav and Manning, Christopher D and Potts, Christopher},
  journal={arXiv preprint arXiv:1603.06021},
  year={2016}
}

@article{Bordes:2016,
	title={Learning end-to-end goal-oriented dialog},
	author={Bordes, Antoine and Boureau, Y-Lan and Weston, Jason},
	journal={arXiv preprint arXiv:1605.07683},
	year={2016}
}


v@article{shalyminov:2017,
	title={Challenging Neural Dialogue Models with Natural Data: Memory Networks Fail on Incremental Phenomena},
	author={Shalyminov, Igor and Eshghi, Arash and Lemon, Oliver},
	journal={arXiv preprint arXiv:1709.07840},
	year={2017}
}

@InProceedings{Lafourcade:2018,
	author = {Alain Joubert ,Mathieu Lafourcade and Nathalie Le Brun},
	title = {The JeuxDeMots Project is 10 Years Old: what Assessments?},
	booktitle = {Proceedings of the Eleventh International Conference on Language Resources and Evaluation (LREC 2018)},
	year = {2018},
	month = {may},
	date = {7-12},
	location = {Miyazaki, Japan},
	editor = {Jon Chamberlain and Udo Kruschwitz and KarÃ«n Fort and Christopher Cieri},
	publisher = {European Language Resources Association (ELRA)},
	address = {Paris, France},
	isbn = {979-10-95546-10-8},
	language = {english}
}

@article{chen:2016,
  title={Enhancing and combining sequential and tree LSTM for natural language inference},
  author={Chen, Qian and Zhu, Xiaodan and Ling, Zhenhua and Wei, Si and Jiang, Hui},
  journal={arXiv preprint arXiv:1609.06038},
  year={2016}
}




@inproceedings{lafourcade:2008,
	title={Jeuxdemots: un prototype ludique pour l'{\'e}mergence de relations entre termes},
	author={Lafourcade, Mathieu and Joubert, Alain},
	booktitle={JADT'08: Journ{\'e}es internationales d'Analyse statistiques des Donn{\'e}es Textuelles},
	pages={657--666},
	year={2008}
}

@inproceedings{DBLP:conf/chi/AhnKB06,
	author    = {Luis von Ahn and
	Mihir Kedia and
	Manuel Blum},
	title     = {Verbosity: a game for collecting common-sense facts},
	booktitle = {{CHI}},
	pages     = {75--78},
	publisher = {{ACM}},
	year      = {2006}
}



@book{lafourcade:2015,
	title={Games with a Purpose (GWAPS)},
	author={Lafourcade, Mathieu and Joubert, Alain and Le Brun, Nathalie},
	year={2015},
	publisher={John Wiley \& Sons}
}

@article{wang:2017,
  title={Bilateral multi-perspective matching for natural language sentences},
  author={Wang, Zhiguo and Hamza, Wael and Florian, Radu},
  journal={arXiv preprint arXiv:1702.03814},
  year={2017}
}

@article{DBLP,
  author    = {Qian Chen and
               Xiaodan Zhu and
               Zhen{-}Hua Ling and
               Diana Inkpen and
               Si Wei},
  title     = {Natural Language Inference with External Knowledge},
  journal   = {CoRR},
  volume    = {abs/1711.04289},
  year      = {2017},
  url       = {http://arxiv.org/abs/1711.04289},
  archivePrefix = {arXiv}
}

@inproceedings{jurczyk:2016,
  title={Selqa: A new benchmark for selection-based question answering},
  author={Jurczyk, Tomasz and Zhai, Michael and Choi, Jinho D},
  booktitle={Tools with Artificial Intelligence (ICTAI), 2016 IEEE 28th International Conference on},
  pages={820--827},
  year={2016},
  organization={IEEE}
}

@article{cer:2017,
  title={SemEval-2017 Task 1: Semantic Textual Similarity-Multilingual and Cross-lingual Focused Evaluation},
  author={Cer, Daniel and Diab, Mona and Agirre, Eneko and Lopez-Gazpio, Inigo and Specia, Lucia},
  journal={arXiv preprint arXiv:1708.00055},
  year={2017}
}
@techreport{cooper:1996,
  title={Using the framework},
  author={Cooper, Robin and Crouch, Dick and Van Eijck, Jan and Fox, Chris and Van Genabith, Johan and Jaspars, Jan and Kamp, Hans and Milward, David and Pinkal, Manfred and Poesio, Massimo and others},
  year={1996}
}



@inproceedings{bizzoni:2017,
  title={``{D}eep" Learning: Detecting Metaphoricity in Adjective-Noun Pairs},
  author={Bizzoni, Yuri and Chatzikyriakidis, Stergios and Ghanimifard, Mehdi},
  booktitle={Proceedings of the Workshop on Stylistic Variation},
  pages={43--52},
  year={2017}
}

@misc{chen:2018,
  title={Quora Question Pairs},
  author={Chen, Zihan and Zhang, Hongbo and Zhang, Xiaoji and Zhao, Leqi}
}

@inproceedings{bernardy:2017,
  title={A Type-Theoretical system for the FraCaS test suite: Grammatical Framework meets Coq},
  author={Bernardy, Jean-Philippe and Chatzikyriakidis, Stergios},
  booktitle={IWCS 2017-12th International Conference on Computational Semantics-Long papers},
  year={2017}
}


@article{eshghi:2017,
  title={Bootstrapping incremental dialogue systems from minimal data: the generalisation power of dialogue grammars},
  author={Eshghi, Arash and Shalyminov, Igor and Lemon, Oliver},
  journal={arXiv preprint arXiv:1709.07858},
  year={2017}
}






@InProceedings{cha:2017,
  author = 	"Chatzikyriakidis, Stergios
		and Cooper, Robin
		and Dobnik, Simon
		and Larsson, Staffan",
  title = 	"An overview of Natural Language Inference Data Collection: The way forward?",
  booktitle = 	"Proceedings of the Computing Natural Language Inference Workshop",
  year = 	"2017",
  url = 	"http://aclweb.org/anthology/W17-7203"
}

@article{williams:2017,
  title={A broad-coverage challenge corpus for sentence understanding through inference},
  author={Williams, Adina and Nangia, Nikita and Bowman, Samuel R},
  journal={arXiv preprint arXiv:1704.05426},
  year={2017}
}

@article{chatzikyriakidis:2017a,
  title={Type theories and lexical networks: Using serious games as the basis for multi-Sorted typed systems},
  author={Chatzikyriakidis, Stergios and Lafourcade, Mathieu and Ramadier, Lionel and Zarrouk, Manel},
  journal={Journal of Language Modelling},
  volume={5},
  number={2},
  pages={229--272},
  year={2017}
}




@inproceedings{breitholtz2008can,
  title={Can aristotelian enthymemes decrease the cognitive load of a dialogue system user},
  author={Breitholtz, Ellen and Villing, Jessica},
  booktitle={Proceedings of the 12th Workshop on the Semantics and Pragmatics of Dialogue (SemDial 2008,?LonDial?)},
  pages={94--100},
  year={2008}
}

@TechReport{cooper:1996,
  author =   { R. Cooper and D. Crouch and J. van Eijck and C. Fox and J. van Genabith and J. Jaspars and H. Kamp and D. Milward and M. Pinkal and M. Poesio and S. Pulman},
  title =    {Using the framework.},
  type =      {Technical Report {LRE 62-051r}},
  year =     {1996},
  institution = {The FraCaS consortium},
  OPTkey =   {},
  OPTvolume =    {},
  OPTnumber =    {},
  
  OPTpages =     {},
  OPTmonth =     {},
  note =     {\url{ftp://ftp.cogsci.ed.ac.uk/pub/FRACAS/del16.ps.gz}.},
  OPTannote =    {}
}

@incollection{Dagan:2006,
  title={The {PASCAL} recognising textual entailment challenge},
  author={Dagan, Ido and Glickman, Oren and Magnini, Bernardo},
  booktitle={Machine learning challenges. evaluating predictive uncertainty, visual object classification, and recognising tectual entailment},
  pages={177--190},
  year={2006},
  publisher={Springer}
}

@incollection{montague:1973,
  title={The proper treatment of quantification in ordinary English},
  author={Montague, Richard},
  booktitle={Approaches to natural language},
  pages={221--242},
  year={1973},
  publisher={Springer}
}


@inproceedings{maccartney:2007,
  title={Natural logic for textual inference},
  author={MacCartney, Bill and Manning, Christopher D},
  booktitle={Proceedings of the ACL-PASCAL Workshop on Textual Entailment and Paraphrasing},
  pages={193--200},
  year={2007},
  organization={Association for Computational Linguistics}
}


@inproceedings{angeli:2014,
  title={NaturalLI: Natural Logic Inference for Common Sense Reasoning.},
  author={Angeli, Gabor and Manning, Christopher D},
  booktitle={Proceedings of EMNLP},
  pages={534-545},
  year={2014}
}

@InProceedings{bowman:2015,
  title={A large annotated corpus for learning natural language inference},
  author={Bowman, Samuel R and Angeli, Gabor and Potts, Christopher and Manning, Christopher D},
  pages={632-642},
  booktitle={Proceedings of EMNLP},
  year={2015}
}

@article{Cooper:2015,
  title={Probabilistic type theory and natural language semantics},
  author={Cooper, Robin and Dobnik, Simon and Larsson, Staffan and Lappin, Shalom},
  journal={LiLT (Linguistic Issues in Language Technology)},
  volume={10},
  pages={1-43},
  year={2015}
}

@article{Luo:2012,
  title={Formal semantics in modern type theories with coercive subtyping},
  author={Luo, Zhaohui},
  journal={Linguistics and Philosophy},
  volume={35},
  number={6},
  pages={491--513},
  year={2012},
  publisher={Springer}
}


@article{Chatzikyriakidis:2014,
  title={Natural language inference in Coq},
  author={Chatzikyriakidis, Stergios and Luo, Zhaohui},
  journal={Journal of Logic, Language and Information},
  volume={23},
  number={4},
  pages={441--480},
  year={2014},
  publisher={Springer}
}

@article{Sundholm:1989,
  title={Constructive generalized quantifiers},
  author={Sundholm, G{\"o}ran},
  journal={Synthese},
  volume={79},
  number={1},
  pages={1--12},
  year={1989},
  publisher={Springer}
}
@Book{ranta:book94,
  author =   "A. Ranta",
  title =    "Type-Theoretical Grammar",
  publisher =    "Oxford University Press",
  year =     "1994",
  OPTcrossref =  "",
  OPTkey =   "",
  OPTeditor =    "",
  OPTvolume =    "",
  OPTnumber =    "",
  OPTseries =    "",
  OPTaddress =   "",
  OPTedition =   "",
  OPTmonth =     "",
  OPTnote =      "",
  OPTannote =    ""
}

@Article{Chatzikyriakidisluo:2017,
author="Chatzikyriakidis, Stergios and Luo, Zhaohui",
title="Adjectival and Adverbial Modification: The View from Modern Type Theories",
journal="Journal of Logic, Language and Information",
year="2017",
volume="26",
number="1",
pages="45--88"
}
@inproceedings{Tanaka:2015,
title={Factivity and presupposition in dependent type semantics},
author={Tanaka, Ribeka and Mineshima, Koji and Bekki, Daisuke},
booktitle={Proceedings of TyTLeS, ESSLLI2015},
year={2015}

}

@incollection{Bekki:2017,
  title={Context-passing and underspecification in dependent type semantics},
  author={Bekki, Daisuke and Mineshima, Koji},
  booktitle={Modern Perspectives in Type-Theoretical Semantics},
  editor={Chatzikyriakidis, Stergios and Luo, Zhaohui},
  pages={11--41},
  year={2017},
  publisher={Springer}
}

@incollection{Cooper:2017,
author="Cooper, Robin",
editor="Chatzikyriakidis, Stergios
and Luo, Zhaohui",
title="Adapting Type Theory with Records for Natural Language Semantics",
booktitle="Modern Perspectives in Type-Theoretical Semantics",
year="2017",
publisher="Springer International Publishing",
pages="71--94",
isbn="978-3-319-50422-3",
doi="10.1007/978-3-319-50422-3_4",
url="http://dx.doi.org/10.1007/978-3-319-50422-3_4"
}

@incollection{Grud:2017,
author="Grudzi{\'{n}}ska, Justyna
and Zawadowski, Marek",
editor="Chatzikyriakidis, Stergios
and Luo, Zhaohui",
title="Generalized Quantifiers on Dependent Types: A System for Anaphora",
booktitle="Modern Perspectives in Type-Theoretical Semantics",
year="2017",
publisher="Springer International Publishing",
address="Cham",
pages="95--131",
isbn="978-3-319-50422-3",
doi="10.1007/978-3-319-50422-3_5",
url="http://dx.doi.org/10.1007/978-3-319-50422-3_5"
}


@InProceedings{retore:TYPES13,
  author =      "Retor{\'e}, C.",
  title =       "The Montagovian Generative Lexicon {T}yn: a Type Theoretical Framework for Natural Language Semantics",
  booktitle =   "Proc of TYPES2013",
  editor =  " R. Matthes and A. Schubert ",
  year =        "2013",
  OPTeditor =      "",
  OPTpublisher =   "",
  OPTisbn =        "",
  OPTseries =      "",
  OPTpages =       "",
  OPTvolume =      ""
}

@InProceedings{kamp:75,
  author =      "H. Kamp",
  title =       "Two theories about adjectives",
  booktitle =   "Formal Semantics of Natural Language",
  year =        "1975",
  editor =      "E. Keenan",
  publisher =   "Cambridge Univ Press",
  OPTisbn =        "",
  OPTseries =      "",
  OPTpages =       "",
  OPTvolume =      ""
}
@InProceedings{partee:10,
  author =      "B. Partee",
  title =       "{Privative Adjectives: Subsective plus Coercion}",
  booktitle =   "Presuppositions and Discourse: Essays Offered to Hans Kamp",
  year =        "2010",
  OPTnote =      "",
  editor =      "R. Bauerle and U. Reyle and T. Zimmermann",
  publisher =   "Emerald Group Publishing Ltd.",
  OPTisbn =        "",
  series =      "Current Research in Semantics/Pragmatics Interface",
  OPTpages =       "",
  volume =      "21"
}
@InProceedings{partee:07,
  author =      "B. Partee",
  title =       "{Compositionality and Coercion in Semantics: The Dynamics of Adjective Meaning}",
  booktitle =   "Cognitive Foundations of Interpretation",
  year =        "2007",
  OPTnote =      "",
  OPTeditor =      "",
  publisher =   "Royal Netherlands Academy of Arts and Sciences",
  OPTisbn =        "",
  OPTseries =      "",
  OPTpages =       "",
  OPTvolume =      ""
}

@TechReport{Ljunglof:2012,
  author =  "P.  Ljungl{\"{o}}f and M. Siverbo",
  title =   "A bilingual treebank for the {F}ra{C}aS test suite",
  institution = "University of
Gothenburg",
  year =    "2011",
  type =    "CLT project report",
  number =  "",
  OPTaddress =  "",
  OPTmonth =    "",
  OPTnote =     ""
}
@article{Gonthier:2008,
  title={Formal proof--the four-color theorem},
  author={Gonthier, Georges},
  journal={Notices of the AMS},
  volume={55},
  number={11},
  pages={1382--1393},
  year={2008}
}
@incollection{Gonthier:2013,
  title={A machine-checked proof of the odd order theorem},
  author={Gonthier, Georges and Asperti, Andrea and Avigad, Jeremy and Bertot, Yves and Cohen, Cyril and Garillot, Fran{\c{c}}ois and Le Roux, St{\'e}phane and Mahboubi, Assia and O?Connor, Russell and Biha, Sidi Ould and others},
  booktitle={Interactive Theorem Proving},
  pages={163--179},
  year={2013},
  publisher={Springer}
}


@Misc{Leroy,
  OPTcrossref =  "",
  key =   "",
  author =   "X. Leroy",
  title =    "The CompCert C verified compiler: Documentation and User?s Manual",
  howpublished = "http://compcert.inria.fr/man/manual.pdf",
  year =     "2013",
  OPTmonth =    "",
  OPTnote =      "",
  OPTannote =    ""
}
@book{coqart,
  title={Interactive theorem proving and program development: Coq?Art: the calculus of inductive constructions},
  author={Bertot, Yves and Cast{\'e}ran, Pierre},
  year={2013},
  publisher={Springer Science \& Business Media}
}
@Unpublished{ML:71,
  author =  "Martin-L{\"{o}}f, P.",
  title =   "An Intuitionistic Theory of Types",
  note =    "manuscript",
  year =    "1971",
  OPTmonth =    ""
}
@Book{ML:book84,
  author =  "P. Martin-L{\"{o}f}",
  title =   "Intuitionistic Type Theory",
  publisher =   "Bibliopolis",
  year =    "1984",
  OPTeditor =   "",
  OPTvolume =   "",
  OPTseries =   "",
  OPTaddress =  "",
  OPTedition =  "",
  OPTmonth =    "",
  OPTnote =     ""
}
@Inproceedings{Mineshima:2015,
  title={Higher-order logical inference with compositional semantics},
  booktitle={Proceedings of EMNLP},
    year =    "2015",
  author={Mineshima, Koji and Miyao, Yusuke and Bekki, Daisuke}
}

@MISC(pulman:2013,
                AUTHOR  = "Pulman, S.",
        TITLE   = "Second order inference in {NL} semantics",
        HOWPUBLISHED = "Talk given at the KCL Language and Cognition
                    seminar, London",
        YEAR    = "2013",
        MONTH   = "",
        NOTE    = "",
        REVIEW  = ""
)

@InProceedings{Romano,
  author =  "L. Romano and M. Kuylekov and I. Szpektor and I. Dagan and A. Lavelli",
  title =   "Investigating a generic paraphrase-based approach for relation extraction.",
  booktitle =   "Proceedings of EACL 2006.",
  year =    "2006",
  pages =    "409-416",
  OPTorganization = "",
  OPTpublisher = "",
  OPTaddress =  "",
  OPTmonth =    "",
  OPTnote =     ""
}
@InProceedings{Glickmann:2005,
  author =  "O. Glickmann and I. Dagan and M. Koppel",
  title =   "Web based probabilistic
textual entailment.",
  booktitle =   "Proceedings of the PASCAL Challenges Workshop on Recognizing
Textual Entailment.",
  year =    "2005",
  OPTeditor =   "",
  OPTpages =    "",
  OPTorganization = "",
  OPTpublisher = "",
  OPTaddress =  "",
  OPTmonth =    "",
  OPTnote =     ""
}



@InProceedings{Williams,
  author =  "A. Hickl and J. Williams and  J. Bensley and  K. Roberts and  B. Rink and Y. Shi",
  title =   "Recognizing Textual Entailment with L{CC}'s
GROUNDHOG System",
  booktitle =   "Proc. of Second PASCAL Challenges Workshop on Recognizing
Textual Entailment",
  year =    "2005",
  pages =    "80-85",
  OPTorganization = "",
  OPTpublisher = "",
  OPTaddress =  "",
  OPTmonth =    "",
  OPTnote =     ""
}


@InProceedings{MacCartneyetal:2008,
  author =  "B. MacCartney and M. Galley and C.D. Manning,i",
  title =   "A phrase-based alignment model for natural language inference",
  booktitle =   "Proceedings of EMNLP-08",
  year =    "2008",
  pages =    "802-811",
  OPTorganization = "",
  OPTpublisher = "",
  OPTaddress =  "",
  OPTmonth =    "",
  OPTnote =     ""
}


@InProceedings{BosMarkert:2005,
  author =  "Bos, J. and Markert, K.",
  title =   "Recognising textual
entailment with logical inference",
  booktitle =   "Proc. of
the 2005 Conference on Empirical Methods in Natural
Language Processing (EMNLP),",
  year =    "2005",
  pages =    "98-103",
  OPTorganization =     "",
  OPTpublisher =    "",
  address =     "",
  OPTmonth =    "",
  OPTnote =     ""
}

@InProceedings{blackburnetal:1998,
  author =  "Blackburn, P. and Bos, J. and Kohlhase, M. and  Nivelle, H. de",
  title =   "?Separate Performative? Account of the German Right Dislocation,",
  booktitle =   "Proc. of  Sinn und Bedeutung 10.",
  year =    "2006",
  OPTeditor =   "",
  OPTpages =    "",
  OPTorganization =     "",
  OPTpublisher =    "",
  address =     "",
  OPTmonth =    "",
  OPTnote =     ""
}
@book{Ranta:GF,
  title={Grammatical framework: Programming with multilingual grammars},
  author={Ranta, Aarne},
  year =    "2011",
  publisher={CSLI Publications}
}



@inproceedings{sick,
  title={A {SICK} cure for the evaluation of compositional distributional semantic models.},
  author={Marelli, Marco and Menini, Stefano and Baroni, Marco and Bentivogli, Luisa and Bernardi, Raffaella and Zamparelli, Roberto},
  booktitle={LREC},
  pages={216--223},
  year={2014}
}

@article{talman2018,
  title={Natural Language Inference with Hierarchical BiLSTM Max Pooling Architecture},
  author={Talman, Aarne and Yli-Jyr{\"a}, Anssi and Tiedemann, J{\"o}rg},
  journal={arXiv preprint arXiv:1808.08762},
  year={2018}
}

@article{bert,
  title={Bert: Pre-training of deep bidirectional transformers for language understanding},
  author={Devlin, Jacob and Chang, Ming-Wei and Lee, Kenton and Toutanova, Kristina},
  journal={arXiv preprint arXiv:1810.04805},
  year={2018}
}

@inproceedings{ppdb,
  title={{PPDB 2.0}: Better paraphrase ranking, fine-grained entailment relations, word embeddings, and style classification},
  author={Ganitkevitch, Ellie and Pavlick, Pushpendre and Rastogi, Juri and Van Durme, Benjamin and Callison-Burch, Chris},
  booktitle={Proceedings of the 53rd Annual Meeting of the Association for Computational Linguistics and the 7th International Joint Conference on Natural Language Processing (Short Papers)},
  year={2015},
  month={July 26--31},
  pages={425--430},
  address = 	 {Beijing, China},
  organization = {Association for Computational Linguistics}
}



@article{breitholtz:2014,
  title={Enthymemes in Dialogue: A micro-rhetorical approach},
  author={Breitholtz, Ellen},
  year={2014}
}


@article{Flickr:TACL229,
	author = {Young, Peter  and Lai, Alice  and Hodosh, Micah  and Hockenmaier, Julia },
	title = {From image descriptions to visual denotations: New similarity metrics for semantic inference over event descriptions},
	journal = {Transactions of the Association for Computational Linguistics},
	volume = {2},
	year = {2014},
	pages = {67--78}
}


@inproceedings{kawazoe:2015,
  title={An inference problem set for evaluating semantic theories and semantic processing systems for {J}apanese},
  author={Kawazoe, Ai and Tanaka, Ribeka and Mineshima, Koji and Bekki, Daisuke},
  booktitle={JSAI International Symposium on Artificial Intelligence},
  pages={58--65},
  year={2015},
  organization={Springer}
}


@inproceedings{RTE4,
  title={The Fourth {PASCAL} Recognizing Textual Entailment Challenge},
  author={Danilo Giampiccolo and Hoa Trang Dang and Bernardo Magnini and Ido Dagan and Elena Cabrio and William B. Dolan},
  booktitle={TAC},
  year={2008}
}



@inproceedings{RTE5,
  title={The Fifth {PASCAL} Recognizing Textual Entailment Challenge.},
  author={Bentivogli, Luisa and Clark, Peter and Dagan, Ido and Giampiccolo, Danilo},
  booktitle={TAC},
  year={2009}
}

@inproceedings{Abzianidze:2015,
  title={A Tableau Prover for Natural Logic and Language},
  author={Lasha Abzianidze},
  booktitle={Proceedings of EMNLP15},
  year={2015}
}



@inproceedings{martinez:2017,
  title={On-demand Injection of Lexical Knowledge for Recognising Textual Entailment},
  author={Mart{\i}nez-G{\'o}mez, Pascual and Mineshima, Koji and Miyao, Yusuke and Bekki, Daisuke},
  booktitle={Proceedings of the 17th Conference of the European Chapter of the Association for Computational Linguistics (EACL'17)},
  year={2017}
}

@InProceedings{ZaenenKarttunenCrouch2005,
  author       = {Zaenen, Annie and Karttunen, Lauri and Crouch, Richard},
  title        = {Local Textual Inference: can it be defined or circumscribed?},
  booktitle    = {Proceedings of the ACL workshop on empirical modeling of semantic equivalence and entailment},
  year         = {2005},
  organization = {Association for Computational Linguistics},
  pages        = {31--36},
  timestamp    = {2017.07.12},
}


@article{williams:2017,
  title={A broad-coverage challenge corpus for sentence understanding through inference},
  author={Williams, Adina and Nangia, Nikita and Bowman, Samuel R},
  journal={arXiv preprint arXiv:1704.05426},
  year={2017}
}

@article{gururangan:2018,
  title={Annotation artifacts in natural language inference data},
  author={Gururangan, Suchin and Swayamdipta, Swabha and Levy, Omer and Schwartz, Roy and Bowman, Samuel R and Smith, Noah A},
  journal={arXiv preprint arXiv:1803.02324},
  year={2018}
}
@InProceedings{conneau:2018,
  author = "Conneau, Alexis
                 and Rinott, Ruty
                 and Lample, Guillaume
                 and Williams, Adina
                 and Bowman, Samuel R.
                 and Schwenk, Holger
                 and Stoyanov, Veselin",
  title = "XNLI: Evaluating Cross-lingual Sentence Representations",
  booktitle = "Proceedings of the 2018 Conference on Empirical Methods 
               in Natural Language Processing",
  year = "2018",
  publisher = "Association for Computational Linguistics",
  location = "Brussels, Belgium",
}

@article{glockner:2018,
  title={Breaking nli systems with sentences that require simple lexical inferences},
  author={Glockner, Max and Shwartz, Vered and Goldberg, Yoav},
  journal={arXiv preprint arXiv:1805.02266},
  year={2018}
}

@article{talman:2018,
  title={Testing the Generalization Power of Neural Network Models Across NLI Benchmarks},
  author={Talman, Aarne and Chatzikyriakidis, Stergios},
  journal={arXiv preprint arXiv:1810.09774},
  year={2018}
}