@book{fox_lappin_2008,
  title={Foundations of intensional semantics},
  author={Fox, Chris and Lappin, Shalom},
  year={2008},
  publisher={Blackwell Publishing}
}

@article{grishin_1974,
  title={A nonstandard logic and its application to set theory,"},
  author={Grishin, Vyacheslav Nikolaevich},
  journal={Studies in Formalized Languages and Nonclassical Logics (Russian), Izdat,Nauka," Moskow},
  pages={135--171},
  year={1974}
}



@incollection{huang:2005,
          volume = {1},
          author = {Y. Huang},
       booktitle = {Encyclopedia of language and lingustics},
          editor = {K. Brown},
         address = {New York},
           title = {Anaphora, cataphora, exophora, logophoricity},
       publisher = {Elsevier},
            year = {2005},
           pages = {231--238}
}


@article{cooper:2015,
  title={Type theory with records for natural language semantics},
  author={Cooper, Robin and Ginzburg, Jonathan},
  journal={Handbook of Contemporary Semantic Theory, The},
  pages={375--407},
  publisher={Wiley Online Library}
}

@incollection{cooper:2017,
  title={Adapting type theory with records for natural language semantics},
  author={Cooper, Robin},
  booktitle={Modern Perspectives in Type-Theoretical Semantics},
   editor = {Chatzikyriakidis, Stergios and Luo, Zhaohui},
  pages={71--94},
  year={2017},
  publisher={Springer}
}

@article{vieira:1998,
  title={A Review of the Linguistic Research on Definite Descriptions},
  author={Vieira, Renata},
  journal={Acta Semiotica et Lingvistica},
  year={1998}
}

@book{hawkins:2015,
  title={Definiteness and indefiniteness: A study in reference and grammaticality prediction},
  author={Hawkins, John A},
  volume={11},
  year={2015},
  publisher={Routledge}
}

@Book{Geach:1962,
  author =    {Peter Thomas Geach},
  title =        {Reference and Generality},
  publisher =    {Cornell University Press},
  year =         {1962},
}

@inproceedings{Karttunen:1969,
 author = {Karttunen, Lauri},
 title = {Discourse Referents},
 booktitle = {Proceedings of the 1969 Conference on Computational Linguistics},
 series = {COLING '69},
 year = {1969},
 location = {Stockholm, Sweden},
 pages = {1--38},
 numpages = {38},
 doi = {10.3115/990403.990490},
 publisher = {Association for Computational Linguistics},
 address = {Stroudsburg, PA, USA},
}

@article{Shan:2002,
  author    = {Chung{-}chieh Shan},
  title     = {Monads for natural language semantics},
  journal   = {CoRR},
  volume    = {cs.CL/0205026},
  year      = {2002},
  url       = {http://arxiv.org/abs/cs.CL/0205026}
 }

@inproceedings{martin:2012,
  title={Hyperintensional Dynamic Semantics},
  author={Martin, Scott and Pollard, Carl},
  booktitle={Formal grammar},
  pages={114--129},
  year={2012},
  organization={Springer}
}

@inproceedings{unger:2011,
  title={Dynamic semantics as monadic computation},
  author={Unger, Christina},
  booktitle={JSAI International Symposium on Artificial Intelligence},
  pages={68--81},
  year={2011},
  organization={Springer}
}

@inproceedings{giorgoloasudeh:2012,
  title={Monads for Conventional Implicatures.},
  author={Giorgolo, Gianluca and Asudeh, Ash},
  booktitle={Proceedings of Sinn und Bedeutung 16.},
  year={2012},
  organization={MITWorking
Papers in Linguistics.}
}

@article{charlow:2015,
  title={Monadic dynamic semantics for anaphora},
  author={Charlow, Simon},
  journal = {Ohio State Dynamic Semantics Workshop},
  year = {2015}
}

@inproceedings{charlow:2017,
title={A modular theory of pronouns and binding},
booktitle={Logic and Engineering of Natural Language Semantics (LENLS) 14},
author={Charlow, Simon},
publisher={Springer},
year={2017}
}


@article{giorgoloasudeh:2014,
  title={Monads as a solution for generalized opacity},
  author={Giorgolo, Gianluca and Asudeh, Ash},
  journal={EACL 2014},
  pages={19},
  year={2014}
}

@inproceedings{de2006,
	title={Towards a Montagovian account of dynamics},
	author={de~Groote, Philippe},
	booktitle={Semantics and Linguistic Theory},
	volume={16},
	pages={1--16},
	year={2006}
}

@article{de2016,
	title={Modal Subordination in Type Theoretic Dynamic Logic},
	author={Qian, Sai and de~Groote, Philippe and Amblard, Maxime},
	journal={LiLT (Linguistic Issues in Language Technology)},
	volume={14},
	year={2016}
}

@Book{ranta:book94,
  author =   "A. Ranta",
  title =    "Type-Theoretical Grammar",
  publisher =    "Oxford University Press",
  year =     "1994"
}

@incollection{cl:2017,
	title={On the interpretation of common nouns: Types versus predicates},
	author={Chatzikyriakidis, S. and Luo, Z.},
	booktitle={Modern Perspectives in Type-Theoretical Semantics},
	pages={43--70},
	year={2017},
	publisher={Springer}
}

@article{boldini:ctxts,
  title={Formalizing Contexts in Intuitionistic Type Theory},
  author={P. Boldini},
  journal={Fundamenta Informaticae},
  volume={4},
  number={2},
  OPTpages={},
  year={2000},
  OPTpublisher={}
}


@InProceedings{luo:LACL12,
  author =      "Z. Luo",
  title =       " Common Nouns as Types",
  booktitle =   "Logical Aspects of Computational Linguistics (LACL'2012). LNCS 7351",
  year =        "2012",
  editor =      "D. Bechet and A. Dikovsky",
  OPTpages =       "173-185"
}


@inproceedings{Tanaka:2015,
title={Factivity and presupposition in dependent type semantics},
author={Tanaka, Ribeka and Mineshima, Koji and Bekki, Daisuke},
booktitle={Proceedings of TyTLeS, ESSLLI2015},
year={2015}
}

@article{bekki:LACL14,
  title={Representing Anaphora with Dependent Types},
  author={D. Bekki},
  journal={{LACL 2014, LNCS 8535}},
  OPTvolume={},
  OPTnumber={},
  OPTpages={},
  year={2014}
}

@InProceedings{chat:2014,
  author =  "Chatzikyriakidis, S.",
  title =   "Adverbs in a modern type theory",
  booktitle =   "Proceedings of LACL2014. LNCS 8535 ",
  year =    "2014",
  editor =   "Asher, N. and Soloviev, S.",
  pages =    "44-56",
  OPTorganization =     "",
  OPTpublisher =    "Springer",
  address =     "",
  OPTmonth =    "Toulouse",
  OPTnote =     ""
}


@article{evans:1980,
  title={Pronouns},
  author={Evans, Gareth},
  journal={Linguistic inquiry},
  volume={11},
  number={2},
  pages={337--362},
  year={1980},
  publisher={JSTOR}
}

@INPROCEEDINGS{Barker:04,
    author = {Chris Barker and Chung-chieh Shan},
    title = {Continuations in natural language},
    booktitle = {in Proceedings of the fourth ACM SIGPLAN workshop on continuations, Hayo Thielecke},
    year = {2004},
    pages = {55--64}
}
@phdthesis{LK-Shelley:11,
    author = {Shelley, Lewis Karen },
    title = {Understanding dynamic discourse},
    institution = {Rutgers, The State University of New Jersey},
    year = {2011},
    type = {{Ph.D. Thesis}}
          }
@article{DPL-Gr-St:91,
 author = {Jeroen Groenendijk and Martin Stokhof},
 journal = {Linguistics and Philosophy},
 number = {1},
 pages = {39--100},
 publisher = {Springer},
 title = {Dynamic Predicate Logic},
 volume = {14},
 year = {1991}
}

@inproceedings{cha.luo:2013,
  title={Adjectives in a modern type-theoretical setting},
  author={Chatzikyriakidis, Stergios and Luo, Zhaohui},
  booktitle={Formal Grammar},
  pages={159--174},
  year={2013},
  organization={Springer}
}

@incollection{Egli1979,
	editor = {Rainer B\"auerle and Urs Egli and Arnim von Stechow},
	booktitle = {Semantics From Different Points of View},
	publisher = {Springer Verlag},
	author = {Urs Egli},
	title = {The Stoic Concept of Anaphora},
	pages = {266--283},
	year = {1979}
}

@inproceedings{deGrooteLebedeva:2010,
 author = {de Groote, Philippe and Lebedeva, Ekaterina},
 title = {Presupposition Accommodation As Exception Handling},
 booktitle = {Proceedings of the 11th Annual Meeting of the Special Interest Group on Discourse and Dialogue},
 series = {SIGDIAL '10},
 year = {2010},
 isbn = {978-1-932432-85-5},
 location = {Tokyo, Japan},
 pages = {71--74},
 numpages = {4},
 publisher = {Association for Computational Linguistics},
 address = {Stroudsburg, PA, USA},
} 
@phdthesis{lebedeva:2012,
  TITLE = {{Expressing discourse dynamics through continuations}},
  AUTHOR = {Lebedeva, Ekaterina},
  URL = {https://tel.archives-ouvertes.fr/tel-01749193},
  NUMBER = {2012LORR0025},
  SCHOOL = {{Universit{\'e} de Lorraine}},
  YEAR = {2012}
}


