@book{dowty2012word,
  title={Word meaning and Montague grammar: The semantics of verbs and times in generative semantics and in Montague's PTQ},
  author={Dowty, David R},
  volume={7},
  year={2012},
  publisher={Springer Science \& Business Media}
}